%! Author = rikpe
%! Date = 01/03/2021

@misc{
brown,
    url={https://c4model.com/},
    journal={The C4 model for visualising software architecture},
    author={Brown, Simon},
    urldate={2020-09-12}
}
